@article{Blei:2003:LDA:944919.944937,
 author = {Blei, David M. and Ng, Andrew Y. and Jordan, Michael I.},
 title = {Latent dirichlet allocation},
 journal = {J. Mach. Learn. Res.},
 issue_date = {3/1/2003},
 volume = {3},
 month = mar,
 year = {2003},
 issn = {1532-4435},
 pages = {993--1022},
 numpages = {30},
 url = {http://dl.acm.org/citation.cfm?id=944919.944937},
 acmid = {944937},
 publisher = {JMLR.org},
}
@INPROCEEDINGS{Hofmann99probabilisticlatent,
    author = {Thomas Hofmann},
    title = {Probabilistic Latent Semantic Analysis},
    booktitle = {In Proc. of Uncertainty in Artificial Intelligence, UAI’99},
    year = {1999},
    pages = {289--296}
}
﻿@article {springerlink:10.1023/B:INRT.0000011210.12953.86,
   author = {Makkonen, Juha and Ahonen-Myka, Helena and Salmenkivi, Marko},
   affiliation = {Department of Computer Science University of Helsinki P.O. Box 26 (Teollisuuskatu 23) FIN- 00014 Finland},
   title = {Simple Semantics in Topic Detection and Tracking},
   journal = {Information Retrieval},
   publisher = {Springer Netherlands},
   issn = {1386-4564},
   keyword = {Computer Science},
   pages = {347-368},
   volume = {7},
   issue = {3},
   url = {http://dx.doi.org/10.1023/B:INRT.0000011210.12953.86},
   note = {10.1023/B:INRT.0000011210.12953.86},
   year = {2004}
}
﻿@incollection {springerlink:10.1007,
   author = {Allan, James},
   affiliation = {Center for Intelligent Information Retrieval, Department of Computer Science, University of Massachusetts, 01003 Amherst, MA, USA},
   title = {Introduction to Topic Detection and Tracking},
   booktitle = {Topic Detection and Tracking},
   series = {The Information Retrieval Series},
   editor = {Allan, James and Croft, W. Bruce},
   publisher = {Springer US},
   isbn = {978-1-4615-0933-2},
   keyword = {Computer Science},
   pages = {1-16},
   volume = {12},
   year = {2002}
}
@inproceedings{Mei:2005:DET:1081870.1081895,
 author = {Mei, Qiaozhu and Zhai, ChengXiang},
 title = {Discovering evolutionary theme patterns from text: an exploration of temporal text mining},
 booktitle = {Proceedings of the eleventh ACM SIGKDD international conference on Knowledge discovery in data mining},
 series = {KDD '05},
 year = {2005},
 isbn = {1-59593-135-X},
 location = {Chicago, Illinois, USA},
 pages = {198--207},
 numpages = {10},
 url = {http://doi.acm.org/10.1145/1081870.1081895},
 doi = {10.1145/1081870.1081895},
 acmid = {1081895},
 publisher = {ACM},
 address = {New York, NY, USA},
 keywords = {clustering, evolutionary theme patterns, temporal text mining, theme threads},
}
@inproceedings{Kim:2011:TCU:1964750.1964765,
 author = {Kim, Dongwoo and Oh, Alice},
 title = {Topic chains for understanding a news corpus},
 booktitle = {Proceedings of the 12th international conference on Computational linguistics and intelligent text processing - Volume Part II},
 series = {CICLing'11},
 year = {2011},
 isbn = {978-3-642-19436-8},
 location = {Tokyo, Japan},
 pages = {163--176},
 numpages = {14},
 url = {http://dl.acm.org/citation.cfm?id=1964750.1964765},
 acmid = {1964765},
 publisher = {Springer-Verlag},
 address = {Berlin, Heidelberg},
}
@MISC{Choudhary07aframework,
    author = {Rohan Choudhary and Sameep Mehta and Amitabha Bagchi and Rahul Balakrishnan},
    title = {A Framework for Exploration of News Corpora by Actor Evolution and Interaction},
    year = {2007}
}
